@online{iostat,
  title = {iostat(1) - Linux man page},
  howpublished = "\url{https://linux.die.net/man/1/iostat}",
}

@online{strace,
  title = {strace(1) - Linux man page},
  howpublished = "\url{https://linux.die.net/man/1/strace}",
}

@online{du,
  title = {du(1) - Linux man page},
  howpublished = "\url{https://linux.die.net/man/1/du}",
}

@article{tarasov2016filebench,
  title={Filebench: A flexible framework for file system benchmarking},
  author={Tarasov, Vasily and Zadok, Erez and Shepler, Spencer},
  journal={USENIX; login},
  volume={41},
  year={2016}
}

@article{mohan2017analyzing,
  title={Analyzing IO Amplification in Linux File Systems},
  author={Mohan, Jayashree and Kadekodi, Rohan and Chidambaram, Vijay},
  journal={arXiv preprint arXiv:1707.08514},
  year={2017}
}

@inproceedings{athanassoulis2016designing,
  title={Designing Access Methods: The RUM Conjecture.},
  author={Athanassoulis, Manos and Kester, Michael S and Maas, Lukas M and Stoica, Radu and Idreos, Stratos and Ailamaki, Anastasia and Callaghan, Mark},
  booktitle={EDBT},
  volume={2016},
  pages={461--466},
  year={2016}
}

@inproceedings{jannen2015betrfs,
  title={BetrFS: A Right-Optimized Write-Optimized File System.},
  author={Jannen, William and Yuan, Jun and Zhan, Yang and Akshintala, Amogh and Esmet, John and Jiao, Yizheng and Mittal, Ankur and Pandey, Prashant and Reddy, Phaneendra and Walsh, Leif and others},
  booktitle={FAST},
  pages={301--315},
  year={2015}
}

@inproceedings{conway2017file,
  title={File systems fated for senescence? nonsense, says science!},
  author={Conway, Alexander and Bakshi, Ainesh and Jiao, Yizheng and Jannen, William and Zhan, Yang and Yuan, Jun and Bender, Michael A and Johnson, Rob and Kuszmaul, Bradley C and Porter, Donald E and others},
  booktitle={FAST},
  pages={45--58},
  year={2017}
}

