@Book{Roughgarden2020,
  author    = {Tim Roughgarden},
  publisher = {Soundlikeyourself Publishing, LLC},
  title     = {{Algorithms Illuminated (Part 4): Algorithms for NP-Hard Problems}},
  year      = {2020},
}

@Comment{jabref-meta: databaseType:bibtex;}
