@article{Ferdman:2012:CCS:2248487.2150982,
 author = {Ferdman, Michael and Adileh, Almutaz and Kocberber, Onur and Volos, Stavros and Alisafaee, Mohammad and Jevdjic, Djordje and Kaynak, Cansu and Popescu, Adrian Daniel and Ailamaki, Anastasia and Falsafi, Babak},
 title = {Clearing the Clouds: A Study of Emerging Scale-out Workloads on Modern Hardware},
 journal = {SIGPLAN Not.},
 issue_date = {April 2012},
 volume = {47},
 number = {4},
 month = mar,
 year = {2012},
 issn = {0362-1340},
 pages = {37--48},
 numpages = {12},
 url = {http://doi.acm.org/10.1145/2248487.2150982},
 doi = {10.1145/2248487.2150982},
 acmid = {2150982},
 publisher = {ACM},
 address = {New York, NY, USA},
 keywords = {architectural evaluation, cloud computing, design insights, workload characterization},
}

