@online{cloud,
  author = {Scott Moser},
  title = {Using Ubuntu cloud-images without a cloud},
  year = 2011,
  howpublished = "\url{http://ubuntu-smoser.blogspot.com/2013/02/using-ubuntu-cloud-images-without-cloud.html}",
  url = {http://ubuntu-smoser.blogspot.com/2013/02/using-ubuntu-cloud-images-without-cloud.html},
  urldate = {2011-02-11}
  note = "[Online; accessed 12-March-2018]"
}

@online{debug,
  title = {Debugging kernel and modules via gdb},
  year = 2018,
  howpublished = "\url{https://01.org/linuxgraphics/gfx-docs/drm/dev-tools/gdb-kernel-debugging.html}",
}

@online{cpu,
  title = {A brief introduction to per-cpu variables},
  year = 2014,
  howpublished = "\url{http://thinkiii.blogspot.com/2014/05/a-brief-introduction-to-per-cpu.html}",
}

@online{lab0,
  title = {CS380L: Advanced Operating Systems Lab 0},
  year = 2018,
  howpublished = "\url{https://www.cs.utexas.edu/~rossbach/380L/lab/lab0.html\#debug-config}",
}

@online{man,
  title = {urandom(4) - Linux man page},
  howpublished = "\url{https://linux.die.net/man/4/urandom}",
}

@online{urandom,
  title = {Myths about /dev/urandom},
  howpublished = "\url{https://www.2uo.de/myths-about-urandom/}",
}

